<?xml version="1.0" encoding="UTF-8"?><record xmlns="http://www.loc.gov/MARC21/slim" xmlns:cinclude="http://apache.org/cocoon/include/1.0" xmlns:zs="http://www.loc.gov/zing/srw/">
  <leader>00495cz  a2200145n  4500</leader>
  <controlfield tag="001">no2007004771</controlfield>
  <controlfield tag="003">DLC</controlfield>
  <controlfield tag="005">20070127075142.0</controlfield>
  <controlfield tag="008">070109n| acannaabn          |n aaa     c</controlfield>
  <datafield tag="010" ind1=" " ind2=" ">
    <subfield code="a">no2007004771</subfield>
  </datafield>
  <datafield tag="035" ind1=" " ind2=" ">
    <subfield code="a">(OCoLC)oca07300332</subfield>
  </datafield>
  <datafield tag="040" ind1=" " ind2=" ">
    <subfield code="a">WlAbNL</subfield>
    <subfield code="b">eng</subfield>
    <subfield code="c">WlAbNL</subfield>
    <subfield code="d">DLC</subfield>
  </datafield>
  <datafield tag="100" ind1="1" ind2=" ">
    <subfield code="a">Davies, Alun Talfan,</subfield>
    <subfield code="d">1913-2000</subfield>
  </datafield>
  <datafield tag="670" ind1=" " ind2=" ">
    <subfield code="a">The casualties of industry ..., 1959:</subfield>
    <subfield code="b">t.p. (Alun Talfan Davies)</subfield>
  </datafield>
  <datafield tag="670" ind1=" " ind2=" ">
    <subfield code="a">Archives Network Wales WWW catalogue, 15 Jan. 2007</subfield>
    <subfield code="b">(hdg.: Davies, Alun Talfan, Sir, 1913-2000)</subfield>
  </datafield>
</record>